%% This BibTeX bibliography file was created using BibDesk.
%% http://bibdesk.sourceforge.net/


%% Created for Itzel Isunza at 2014-06-26 01:08:44 -0500 


%% Saved with string encoding Unicode (UTF-8) 



@article{almost,
	Author = {M. Atreya, S. Li, E. T. Kang, K. G. Neoh, Z. H. Ma, K. L . Tan and W. Huang},
	Date-Added = {2014-06-26 05:52:00 +0000},
	Date-Modified = {2014-06-26 06:08:43 +0000},
	Journal = {Polymer Degradation and Stability},
	Pages = {287-296},
	Title = {Stability studies of poly(2-methoxy-5-(2'-ethyl hexyloxy)- p-(phenylene vinylene) [{MEH-PPV}]},
	Volume = {65},
	Year = {1999}}

@article{revistanature,
	Author = {Rusk, N.},
	Journal = {Nature},
	Title = {{(1911, 1929, 1967) First fluorescence microscope, First epifluorescence microscope, The dichroic mirror}},
	Year = {2009}}

@book{libro,
	Author = {Masters, B.R.},
	Publisher = {SPIE PRESS},
	Title = {Confocal Microscopy and Multiphoton Excitation Microscopy, The Genesis of Live Cell Imaging},
	Year = {2006}}

@article{procons,
	Author = {Wilson, S.M. and Bacic, A.},
	Journal = {Nature Protocols},
	Pages = {1716--1727},
	Title = {{Preparation of plant cells for transmission electron microscopy to optimize immunogold labeling of carbohydrate and protein epitopes}},
	Volume = {7},
	Year = {2012}}

@book{bioph,
	Author = {Prasad, P.N.},
	Publisher = {Wiley- Interscience},
	Title = {Introduction to Biophotonics},
	Year = {2003}}

@article{artiqdtox,
	Author = {Derfus, A.M. and Chan, W.C.W. and Bhatia, S.N.},
	Journal = {Nano Letters},
	Pages = {11--18},
	Title = {{Probing the Cytotoxycity of Semiconductor Quantum Dots}},
	Year = {2004}}

@article{articuloQDtoxico,
	Author = {Choi, H.S. and Liu, W. and Misra, P. and Tanaka, E. and Zimmer, J.P. and Ipe, B.I. and Bawendi, M.G. and Frangioni, J.V.},
	Journal = {Nature Biotechnology},
	Pages = {1165--1170},
	Title = {{Renal clearance of quantum dots}},
	Volume = {25},
	Year = {2007}}

@article{artconcluyente,
	Author = {Zhang, X. and Zhang, X. and Wang, S. and Liu, M. and Tao, L. and Wei, Y.},
	Journal = {Nanoscale},
	Pages = {147--150},
	Title = {{Surfactant modification of aggregation-induced emission material as biocompatible nanoparticles: Facile preparation and cell imaging}},
	Volume = {5},
	Year = {2013}}

@article{drugsdeliv,
	Author = {Gref, R. and Domb, A. and Quellec, P. and Blunk, T. and M\"{u}ller, R.H. and Verbavatz, J.M. and Langer, R.},
	Journal = {Advanced Drug Delivery Reviews},
	Pages = {215},
	Title = {{The controlled intravenous delivery of drugs using PEG-coated sterically stabilized nanospheres}},
	Volume = {16},
	Year = {1995}}

@article{ventajasepi,
	Author = {Spring, K.R.},
	Journal = {Marcel Dekker, Inc.},
	Title = {{Fluorescence Microscopy}},
	Year = {2003}}

@article{lscm,
	Author = {Claxton, N.S. and Fellers, T.J. and Davidson, M.W.},
	Journal = {Department of Optical Microscopy and Digital Imaging, National High Magnetic Field Laboratory, Florida State University. Unpublished (http://www.olympusfluoview.com/theory/LSCMIntro.pdf)},
	Pages = {37},
	Title = {{Laser scanning confocal microscopy}},
	Year = {2005}}

@article{reprecipita,
	Author = {Ujiiye-Ishii, K. and Kwon, E. and Kasai, H. and Nakanishi, H. and Oikawa, H.},
	Journal = {Crystal Growth \& Design},
	Pages = {369--371},
	Title = {{Methodological Features of the Emulsion and Reprecipitation Methods for Organic Nanocrystal Fabrication}},
	Volume = {8},
	Year = {2007}}

@article{coloidal,
	Author = {Zhao, Y.S. and Fu, H. and Peng, A. and Ma, Y. and Xiao, D. and Yao, J.},
	Journal = {Advanced Materials},
	Pages = {2859--2876},
	Title = {{Low- Dimensional Nanomaterials Based on Small Organic Molecules: Preparation and Optoelectronic Properties}},
	Volume = {20},
	Year = {2008}}

@article{UK,
	Author = {Yvon, J.},
	Journal = {Horiba Scientific},
	Title = {{A Guide to Recording Fluorescence Quantum Yields}}}

@phdthesis{tesisdoc,
	Author = {Kobayashi, A.},
	School = {Gunma University},
	Title = {Absolute Measurements of Photoluminescence Quantum Yields of Organic Compounds Using an Integrating Sphere},
	Year = {2010}}

@article{laura,
	Author = {Ramos-Ort\'iz, G. and Maldonado, J.L. and Hern\'andez, M.C.G. and Zolotukhin, M.G. and Fomine, S. and Fr\"ohlich, N. and Scherf, U. and Galbrecht, F. and Preis, E. and Salmon, M. and C\'ardenas, J. and Ch\'avez, M.I.},
	Journal = {Polymer},
	Pages = {2351--2359},
	Title = {{Synthesis, characterization and third-order non-linear optical properties of novel fluorene monomers and their cross-conjugated polymers}},
	Volume = {51},
	Year = {2010}}

@book{megalibro,
	Author = {Masters, B.R. and So, P.T.C.},
	Publisher = {Oxford, University Press},
	Title = {Handbook of Biomedical Nonlinear Optical Microscopy},
	Year = {2008}}

@book{boyd,
	Author = {Boyd, R.W.},
	Edition = {Third},
	Publisher = {Academic Press},
	Title = {Nonlinear Optics},
	Year = {2008}}

@article{todoTPA,
	Author = {Rumi, M.C. and Perry, J.W.},
	Journal = {Advances in Optics and Photonics},
	Pages = {451--518},
	Title = {{Two-photon absorption: an overview of measurements and principles}},
	Volume = {2},
	Year = {2010}}

@article{pre_rigo,
	Author = {Albota, M.A. and Xu, C. and Webb, W.W.},
	Journal = {Applied Optics},
	Title = {{Two-photon fluorescence excitation cross sections of biomolecular probes from 690 to 960 nm}},
	Volume = {37},
	Year = {1998}}

@article{rescatetpa,
	Author = {Pawlicki, M. and Collins, H.A. and Denning, R.G. and Anderson, H.L.},
	Journal = {Angewandte Chemie},
	Pages = {3244--3266},
	Title = {{Two-Photon Absorption and the Design of Two-Photon Dyes}},
	Volume = {48},
	Year = {2009}}

@article{maso,
	Author = {Xu, C. and Webb, W.W.},
	Journal = {Optical Society of America},
	Title = {{Measurement of two-photon excitation cross sections of molecular fluorophores with data from 690 to 1050 nm}},
	Volume = {13},
	Year = {1996}}

@article{refderef,
	Author = {Xu, C. and Zipfel, W. and Shear, J. and Williams, R. and Webb, W.W.},
	Journal = {Proceedings of the National Academy of Sciences},
	Pages = {10763--10768},
	Title = {{Multiphoton fluorescence excitation: new spectral windows for biological nonlinear microscopy}},
	Volume = {93},
	Year = {1996}}

@article{rusitos,
	Author = {Makarov, N.S. and Drobizhev, M. and Rebane, A.},
	Journal = {Optics Express},
	Pages = {4029--4047},
	Title = {{Two-photon absorption standards in the 550-1600 nm excitation wavelength range}},
	Volume = {16},
	Year = {2008}}

@article{scherf,
	Author = {Gutacker, A. and Adamczyk, S. and Helfer, A. and Garner, L.E. and Evans, R.C. and Fonseca, S.M. and Knaapila, M. and Bazan, G.C. and Burrowsd, H.D. and Scherf, U.},
	Journal = {Journal of Materials Chemistry},
	Pages = {1423--1430},
	Title = {{All-conjugated polyelectrolyte block copolymers}},
	Volume = {20},
	Year = {2010}}

@article{laurita,
	Author = {Aparicio-Ixta, L. and Ramos-Ortiz, G. and Pichardo-Molina, J.L. and Maldonado, J.L. Rodr\'iguez, M. and Tellez-Lopez, V.M. and Martinez-Fong, D. and Zolotukhin, M.G. and Fomine, S. and Meneses-Nava, M.A. and Barbosa-Garc\'ia, O.},
	Journal = {The Royal Society of Chemistry},
	Pages = {7751--7759},
	Title = {{Two-photon excited fluorescence of silica nanoparticles loaded with a fluorene-based monomer and its cross conjugated polymer: their application to cell imaging}},
	Volume = {4},
	Year = {2012}}
